<record><leader>00000cas a22000007a 4500</leader><controlfield tag="001">15080063</controlfield><controlfield tag="008">870116d19691977inuwr ne      0    0eng d</controlfield><datafield ind1=" " ind2=" " tag="010"><subfield code="a">sn 87055087 </subfield></datafield><datafield ind1=" " ind2=" " tag="040"><subfield code="a">NPI</subfield><subfield code="b">eng</subfield><subfield code="c">NPI</subfield><subfield code="d">OCLCQ</subfield></datafield><datafield ind1=" " ind2=" " tag="042"><subfield code="a">msc</subfield></datafield><datafield ind1="0" ind2=" " tag="130"><subfield code="a">Press (Swayzee, Ind.)</subfield></datafield><datafield ind1="1" ind2="4" tag="245"><subfield code="a">The press.</subfield></datafield><datafield ind1=" " ind2=" " tag="260"><subfield code="a">Swayzee, Ind. :</subfield><subfield code="b">Lake Pub. Co.,</subfield><subfield code="c">1969-1977.</subfield></datafield><datafield ind1=" " ind2=" " tag="310"><subfield code="a">Weekly</subfield></datafield><datafield ind1="0" ind2=" " tag="362"><subfield code="a">Vol. 72, no. 42 (Jan. 9, 1969)-v. 78, no. 203 (Mar. 10, 1977).</subfield></datafield><datafield ind1=" " ind2=" " tag="752"><subfield code="a">United States</subfield><subfield code="b">Indiana</subfield><subfield code="c">Grant</subfield><subfield code="d">Swayzee.</subfield></datafield><datafield ind1="0" ind2="0" tag="780"><subfield code="t">Swayzee press (Swayzee, Ind. : 1968)</subfield><subfield code="w">(DLC)sn 87055086</subfield></datafield></record>